Automatically generated by Mendeley 1.9.2
Any changes to this file will be lost if it is regenerated by Mendeley.

@article{Barrero-Gil2009,
author = {Barrero-Gil, A. and Sanz-Andr\'{e}s, A. and Roura, M.},
doi = {10.1016/j.jfluidstructs.2009.07.001},
file = {:C\:/Users/hgjay/AppData/Local/Mendeley Ltd./Mendeley Desktop/Downloaded/Barrero-Gil, Sanz-Andr\'{e}s, Roura - 2009 - Transverse galloping at low Reynolds numbers.pdf:pdf},
issn = {08899746},
journal = {Journal of Fluids and Structures},
keywords = {laminar flow,square cylinder,transverse galloping},
month = oct,
number = {7},
pages = {1236--1242},
title = {{Transverse galloping at low Reynolds numbers}},
volume = {25},
year = {2009}
}
@article{Taylor2001,
author = {Taylor, G.W. and Burns, J.R. and Kammann, S.a. and Powers, W.B. and Welsh, T.R.},
doi = {10.1109/48.972090},
file = {:C\:/Users/hgjay/AppData/Local/Mendeley Ltd./Mendeley Desktop/Downloaded/Taylor et al. - 2001 - The Energy Harvesting Eel a small subsurface oceanriver power generator.pdf:pdf},
issn = {03649059},
journal = {IEEE Journal of Oceanic Engineering},
number = {4},
pages = {539--547},
title = {{The Energy Harvesting Eel: a small subsurface ocean/river power generator}},
url = {http://ieeexplore.ieee.org/lpdocs/epic03/wrapper.htm?arnumber=972090},
volume = {26},
year = {2001}
}
@misc{Bernitsas2009a,
author = {Bernitsas, M.M. and Raghavan, K.},
file = {:F\:/references/Patents/VIVACE-1.pdf:pdf},
pages = {1--7},
title = {{Fluid motion energy converter}},
year = {2009}
}
@article{Bernitsas2008a-concept,
author = {Bernitsas, Michael M. and Raghavan, Kamaldev and Ben-Simon, Y. and Garcia, E. M. H.},
doi = {10.1115/1.2957913},
file = {:C\:/Users/hgjay/AppData/Local/Mendeley Ltd./Mendeley Desktop/Downloaded/Bernitsas et al. - 2008 - VIVACE (Vortex Induced Vibration Aquatic Clean Energy) A New Concept in Generation of Clean and Renewable Energy From Fluid Flow.pdf:pdf},
issn = {08927219},
journal = {Journal of Offshore Mechanics and Arctic Engineering},
number = {4},
pages = {041101--15},
title = {{VIVACE (Vortex Induced Vibration Aquatic Clean Energy): A new concept in generation of clean and renewable energy from fluid flow}},
volume = {130},
year = {2008}
}
@article{Lee2011b,
author = {Lee, J.H. and Bernitsas, M.M.},
doi = {10.1016/j.oceaneng.2011.06.007},
file = {:C\:/Users/hgjay/AppData/Local/Mendeley Ltd./Mendeley Desktop/Downloaded/Lee, Bernitsas - 2011 - High-damping, high-Reynolds VIV tests for energy harnessing using the VIVACE converter.pdf:pdf},
issn = {00298018},
journal = {Ocean Engineering},
month = nov,
number = {16},
pages = {1697--1712},
publisher = {Elsevier},
title = {{High-damping, high-Reynolds VIV tests for energy harnessing using the VIVACE converter}},
volume = {38},
year = {2011}
}
@article{Raghavan2010a,
author = {Raghavan, K. and Bernitsas, M.M.},
doi = {10.1016/j.oceaneng.2010.09.003},
file = {:C\:/Users/hgjay/AppData/Local/Mendeley Ltd./Mendeley Desktop/Downloaded/Raghavan, Bernitsas - 2010 - Experimental investigation of Reynolds number effect on vortex induced vibration of rigid circular cylinder on elastic supports.pdf:pdf},
issn = {00298018},
journal = {Ocean Engineering},
keywords = {High damping,Hysteresis,Reynolds number effect,Synchronization,Transition shear layer 3 regime,VIV,VIVACE,vortex induced vibrations},
month = apr,
number = {5-6},
pages = {719--731},
publisher = {Elsevier},
title = {{Experimental investigation of Reynolds number effect on vortex induced vibration of rigid circular cylinder on elastic supports}},
volume = {38},
year = {2011}
}
@inproceedings{Bernitsas2008,
author = {Bernitsas, M M and Raghavan, K},
file = {:C\:/Users/hgjay/AppData/Local/Mendeley Ltd./Mendeley Desktop/Downloaded/Bernitsas, Raghavan - 2008 - OMAE2008-58006 ENHANCEMENT OF HIGH DAMPING VIV THROUGH ROUGHNESS.pdf:pdf},
keywords = {OMAE2008-58006},
number = {May 2011},
pages = {1--12},
title = {{OMAE2008-58006 ENHANCEMENT OF HIGH DAMPING VIV THROUGH ROUGHNESS}},
year = {2008}
}
