Automatically generated by Mendeley 1.9.2
Any changes to this file will be lost if it is regenerated by Mendeley.

@article{Dunnmon2011,
author = {Dunnmon, J.a. and Stanton, S.C. and Mann, B.P. and Dowell, E.H.},
doi = {10.1016/j.jfluidstructs.2011.02.003},
file = {:C\:/Users/hgjay/AppData/Local/Mendeley Ltd./Mendeley Desktop/Downloaded/Dunnmon et al. - 2011 - Power extraction from aeroelastic limit cycle oscillations.pdf:pdf},
issn = {08899746},
journal = {Journal of Fluids and Structures},
keywords = {Aeroelasticity,Energy harvesting,Piezoelectricity},
month = mar,
pages = {1--17},
publisher = {Elsevier},
title = {{Power extraction from aeroelastic limit cycle oscillations}},
url = {http://linkinghub.elsevier.com/retrieve/pii/S0889974611000211},
year = {2011}
}
@article{Barrero-Gil2010a,
author = {Barrero-Gil, A and Alonso, G and Sanz-Andres, A.},
doi = {10.1016/j.jsv.2010.01.028},
file = {:C\:/Users/hgjay/AppData/Local/Mendeley Ltd./Mendeley Desktop/Downloaded/Barrero-Gil, Alonso, Sanz-Andres - 2010 - Energy harvesting from transverse galloping.pdf:pdf},
issn = {0022460X},
journal = {Journal of Sound and Vibration},
month = jul,
number = {14},
pages = {2873--2883},
publisher = {Elsevier},
title = {{Energy harvesting from transverse galloping}},
volume = {329},
year = {2010}
}
