Automatically generated by Mendeley 1.9.2
Any changes to this file will be lost if it is regenerated by Mendeley.

@article{Barrero-Gil2009,
author = {Barrero-Gil, A. and Sanz-Andr\'{e}s, A. and Roura, M.},
doi = {10.1016/j.jfluidstructs.2009.07.001},
file = {:C\:/Users/hgjay/AppData/Local/Mendeley Ltd./Mendeley Desktop/Downloaded/Barrero-Gil, Sanz-Andr\'{e}s, Roura - 2009 - Transverse galloping at low Reynolds numbers.pdf:pdf},
issn = {08899746},
journal = {Journal of Fluids and Structures},
keywords = {laminar flow,square cylinder,transverse galloping},
month = oct,
number = {7},
pages = {1236--1242},
title = {{Transverse galloping at low Reynolds numbers}},
volume = {25},
year = {2009}
}
@article{Dalton2003,
author = {Dalton, C},
doi = {10.1016/j.jfluidstructs.2003.07.010},
file = {:C\:/Users/hgjay/AppData/Local/Mendeley Ltd./Mendeley Desktop/Downloaded/Dalton - 2003 - Numerical solutions of a viscous uniform approach flow past square and diamond cylinders.pdf:pdf},
issn = {08899746},
journal = {Journal of Fluids and Structures},
month = oct,
number = {3-4},
pages = {455--465},
title = {{Numerical solutions of a viscous uniform approach flow past square and diamond cylinders}},
url = {http://linkinghub.elsevier.com/retrieve/pii/S0889974603001129},
volume = {18},
year = {2003}
}
@article{AjithKumar2009,
author = {{Ajith Kumar}, R. and Sohn, Chang Hyun and Gowda, B. H. Lakshmana},
doi = {10.1007/s12206-009-0630-y},
file = {:C\:/Users/hgjay/AppData/Local/Mendeley Ltd./Mendeley Desktop/Downloaded/Ajith Kumar, Sohn, Gowda - 2009 - Influence of corner radius on the near wake structure of a transversely oscillating square cylinder.pdf:pdf},
issn = {1738-494X},
journal = {Journal of Mechanical Science and Technology},
keywords = {--------------------------------------------------,corner radius,flow-induced vibration,oscillating square cylinder,piv,wake structure},
month = sep,
number = {9},
pages = {2390--2416},
title = {{Influence of corner radius on the near wake structure of a transversely oscillating square cylinder}},
url = {http://www.springerlink.com/index/10.1007/s12206-009-0630-y},
volume = {23},
year = {2009}
}
@article{Alonso2010a,
author = {Alonso, G. and Meseguer, J. and Sanz-Andr\'{e}s, a. and Valero, E.},
doi = {10.1016/j.jweia.2010.02.002},
file = {:C\:/Users/hgjay/Dropbox/references/[88]On the galloping instability of two-dimensional bodies having.pdf:pdf},
issn = {01676105},
journal = {Journal of Wind Engineering and Industrial Aerodynamics},
month = aug,
number = {8-9},
pages = {438--448},
title = {{On the galloping instability of two-dimensional bodies having elliptical cross-sections}},
url = {http://linkinghub.elsevier.com/retrieve/pii/S0167610510000152},
volume = {98},
year = {2010}
}
@article{Alonso2009,
author = {Alonso, G and Valero, E and Meseguer, J},
doi = {10.1016/j.euromechflu.2008.09.004},
file = {:C\:/Users/hgjay/Dropbox/references/[87An analysis on the dependence on cross section geometry of galloping stability.pdf:pdf},
issn = {09977546},
journal = {European Journal of Mechanics - B/Fluids},
month = mar,
number = {2},
pages = {328--334},
publisher = {Elsevier Masson SAS},
title = {{An analysis on the dependence on cross section geometry of galloping stability of two-dimensional bodies having either biconvex or rhomboidal cross sections}},
url = {http://linkinghub.elsevier.com/retrieve/pii/S0997754608001003},
volume = {28},
year = {2009}
}
@article{Alonso2005a,
author = {Alonso, G. and Meseguer, J. and P\'{e}rez-Grande, I.},
doi = {10.1007/s00348-005-0974-8},
file = {:C\:/Users/hgjay/AppData/Local/Mendeley Ltd./Mendeley Desktop/Downloaded/Alonso, Meseguer, P\'{e}rez-Grande - 2005 - Galloping instabilities of two-dimensional triangular cross-section bodies.pdf:pdf},
issn = {0723-4864},
journal = {Experiments in Fluids},
month = apr,
number = {6},
pages = {789--795},
title = {{Galloping instabilities of two-dimensional triangular cross-section bodies}},
url = {http://www.springerlink.com/index/10.1007/s00348-005-0974-8},
volume = {38},
year = {2005}
}
