Automatically generated by Mendeley 1.9.2
Any changes to this file will be lost if it is regenerated by Mendeley.

@article{Williamson1996,
author = {Williamson, C},
doi = {10.1016/0894-1777(95)00085-2},
file = {:C\:/Users/hgjay/AppData/Local/Mendeley Ltd./Mendeley Desktop/Downloaded/Williamson - 1996 - Three-dimensional vortex dynamics in bluff body wakes.pdf:pdf},
issn = {08941777},
journal = {Experimental Thermal and Fluid Science},
keywords = {cylinder wake,dynamics,equations,guinzburg-landau,oblique shedding,oblique wave resonance,parallel shedding,phase expansion,phase shock,streamwise vortices,vortex,vortex dislocation,vortex loop,vortex shedding,wake,wake transition},
month = feb,
number = {2},
pages = {150--168},
title = {{Three-dimensional vortex dynamics in bluff body wakes}},
url = {http://linkinghub.elsevier.com/retrieve/pii/0894177795000852},
volume = {12},
year = {1996}
}
@article{Raghavan2009,
author = {Raghavan, K. and Bernitsas, Michael M. and Maroulis, D. E.},
doi = {10.1115/1.2979798},
file = {:C\:/Users/hgjay/AppData/Local/Mendeley Ltd./Mendeley Desktop/Downloaded/Raghavan, Bernitsas, Maroulis - 2009 - Effect of Bottom Boundary on VIV for Energy Harnessing at 8×10sup 3Re1.5×10sup 5(2).pdf:pdf},
issn = {08927219},
journal = {Journal of Offshore Mechanics and Arctic Engineering},
number = {3},
pages = {031102},
title = {{Effect of Bottom Boundary on VIV for Energy Harnessing at {$ 8\times{10^3} <Re< 1.5 \times {10^5} $}}},
volume = {131},
year = {2009}
}
@book{DenHartog1956,
author = {{Den Hartog}, J P},
isbn = {9780486647852},
publisher = {Dover Publications},
series = {Dover Books on Engineering},
title = {{Mechanical Vibrations}},
year = {1956}
}
