Automatically generated by Mendeley 1.9.2
Any changes to this file will be lost if it is regenerated by Mendeley.

@article{Bernitsas2009,
author = {Bernitsas, Michael M. and Ben-Simon, Y. and Raghavan, Kamaldev and Garcia, E. M. H.},
doi = {10.1115/1.2979796},
file = {:C\:/Users/hgjay/AppData/Local/Mendeley Ltd./Mendeley Desktop/Downloaded/Bernitsas et al. - 2009 - The VIVACE Converter Model Tests at High Damping and Reynolds Number Around 10sup 5.pdf:pdf},
issn = {08927219},
journal = {Journal of Offshore Mechanics and Arctic Engineering},
number = {1},
pages = {011102},
title = {{The VIVACE Converter: Model Tests at High Damping and Reynolds Number Around 10[sup 5]}},
volume = {131},
year = {2009}
}
@article{Barrero-Gil2009,
author = {Barrero-Gil, A. and Sanz-Andr\'{e}s, A. and Roura, M.},
doi = {10.1016/j.jfluidstructs.2009.07.001},
file = {:C\:/Users/hgjay/AppData/Local/Mendeley Ltd./Mendeley Desktop/Downloaded/Barrero-Gil, Sanz-Andr\'{e}s, Roura - 2009 - Transverse galloping at low Reynolds numbers.pdf:pdf},
issn = {08899746},
journal = {Journal of Fluids and Structures},
keywords = {laminar flow,square cylinder,transverse galloping},
month = oct,
number = {7},
pages = {1236--1242},
title = {{Transverse galloping at low Reynolds numbers}},
volume = {25},
year = {2009}
}
@article{Leontini2011,
author = {Leontini, Justin S. and {Lo Jacono}, David and Thompson, Mark C.},
doi = {10.1017/jfm.2011.403},
file = {:C\:/Users/hgjay/Dropbox/references/[95]A numerical study of an inline oscillating cylinder in a free stream.pdf:pdf},
issn = {0022-1120},
journal = {Journal of Fluid Mechanics},
month = nov,
pages = {551--568},
title = {{A numerical study of an inline oscillating cylinder in a free stream}},
volume = {688},
year = {2011}
}
@article{Raghavan2009,
author = {Raghavan, K. and Bernitsas, Michael M. and Maroulis, D. E.},
doi = {10.1115/1.2979798},
file = {:C\:/Users/hgjay/AppData/Local/Mendeley Ltd./Mendeley Desktop/Downloaded/Raghavan, Bernitsas, Maroulis - 2009 - Effect of Bottom Boundary on VIV for Energy Harnessing at 8×10sup 3Re1.5×10sup 5(2).pdf:pdf},
issn = {08927219},
journal = {Journal of Offshore Mechanics and Arctic Engineering},
number = {3},
pages = {031102},
title = {{Effect of Bottom Boundary on VIV for Energy Harnessing at {$ 8\times{10^3} <Re< 1.5 \times {10^5} $}}},
volume = {131},
year = {2009}
}
@article{Ng2005,
author = {Ng, Y.T. and Luo, S.C. and Chew, Y.T.},
doi = {10.1016/j.jfluidstructs.2004.02.008},
issn = {08899746},
journal = {Journal of Fluids and Structures},
month = jan,
number = {1},
pages = {141--146},
title = {{On using high-order polynomial curve fits in the quasi-steady theory for square-cylinder galloping}},
volume = {20},
year = {2005}
}
@article{Tong2008,
author = {Tong, X.H. and Luo, S.C. and Khoo, B.C.},
doi = {10.1016/j.jfluidstructs.2008.03.004},
issn = {08899746},
journal = {Journal of Fluids and Structures},
month = oct,
number = {7},
pages = {994--1005},
title = {{Transition phenomena in the wake of an inclined square cylinder}},
volume = {24},
year = {2008}
}
@article{Vio2007,
author = {Vio, G.A. and Dimitriadis, G and Cooper, J.E.},
doi = {10.1016/j.jfluidstructs.2007.03.006},
issn = {08899746},
journal = {Journal of Fluids and Structures},
keywords = {aeroelasticity,cell mapping,centre manifold,galloping,harmonic balance,normal form,numerical continuation},
month = oct,
number = {7},
pages = {983--1011},
title = {{Bifurcation analysis and limit cycle oscillation amplitude prediction methods applied to the aeroelastic galloping problem}},
volume = {23},
year = {2007}
}
@techreport{Glauert1919,
address = {London},
author = {Glauert, H},
institution = {Advisory Committee on Aeronautics R and M 595. HMSO},
title = {{The rotation of an aerofoil about a fixed axis}},
year = {1919}
}
@article{Bernitsas2008a-concept,
author = {Bernitsas, Michael M. and Raghavan, Kamaldev and Ben-Simon, Y. and Garcia, E. M. H.},
doi = {10.1115/1.2957913},
file = {:C\:/Users/hgjay/AppData/Local/Mendeley Ltd./Mendeley Desktop/Downloaded/Bernitsas et al. - 2008 - VIVACE (Vortex Induced Vibration Aquatic Clean Energy) A New Concept in Generation of Clean and Renewable Energy From Fluid Flow.pdf:pdf},
issn = {08927219},
journal = {Journal of Offshore Mechanics and Arctic Engineering},
number = {4},
pages = {041101--15},
title = {{VIVACE (Vortex Induced Vibration Aquatic Clean Energy): A new concept in generation of clean and renewable energy from fluid flow}},
volume = {130},
year = {2008}
}
@article{Thompson1996a,
author = {Thompson, Mark and Hourigan, Kerry and Sheridan, John},
doi = {10.1016/0894-1777(95)00098-4},
file = {:C\:/Users/hgjay/AppData/Local/Mendeley Ltd./Mendeley Desktop/Downloaded/Thompson - 1996 - Three-dimensional instabilities in the wake of a circular cylinder.pdf:pdf},
issn = {08941777},
journal = {Experimental Thermal and Fluid Science},
keywords = {bluff-body wakes,wake transition},
month = feb,
number = {2},
pages = {190--196},
title = {{Three-dimensional instabilities in the wake of a circular cylinder}},
volume = {12},
year = {1996}
}
@book{DenHartog1956,
author = {{Den Hartog}, J P},
isbn = {9780486647852},
publisher = {Dover Publications},
series = {Dover Books on Engineering},
title = {{Mechanical Vibrations}},
year = {1956}
}
@article{Barrero-Gil2010a,
author = {Barrero-Gil, A and Alonso, G and Sanz-Andres, A.},
doi = {10.1016/j.jsv.2010.01.028},
file = {:C\:/Users/hgjay/AppData/Local/Mendeley Ltd./Mendeley Desktop/Downloaded/Barrero-Gil, Alonso, Sanz-Andres - 2010 - Energy harvesting from transverse galloping.pdf:pdf},
issn = {0022460X},
journal = {Journal of Sound and Vibration},
month = jul,
number = {14},
pages = {2873--2883},
publisher = {Elsevier},
title = {{Energy harvesting from transverse galloping}},
volume = {329},
year = {2010}
}
@article{Lee2011a,
author = {Lee, J.H. and Xiros, N. and Bernitsas, M.M.},
doi = {10.1016/j.oceaneng.2010.12.014},
file = {:C\:/Users/hgjay/AppData/Local/Mendeley Ltd./Mendeley Desktop/Downloaded/Lee, Xiros, Bernitsas - 2011 - Virtual damper–spring system for VIV experiments and hydrokinetic energy conversion.pdf:pdf},
issn = {00298018},
journal = {Ocean Engineering},
keywords = {Power take-off,System identification,VIV,VIVACE converter,Virtual damper–spring,vortex induced vibrations},
month = apr,
number = {5-6},
pages = {732--747},
publisher = {Elsevier},
title = {{Virtual damper–spring system for VIV experiments and hydrokinetic energy conversion}},
volume = {38},
year = {2011}
}
@article{Lee2011b,
author = {Lee, J.H. and Bernitsas, M.M.},
doi = {10.1016/j.oceaneng.2011.06.007},
file = {:C\:/Users/hgjay/AppData/Local/Mendeley Ltd./Mendeley Desktop/Downloaded/Lee, Bernitsas - 2011 - High-damping, high-Reynolds VIV tests for energy harnessing using the VIVACE converter.pdf:pdf},
issn = {00298018},
journal = {Ocean Engineering},
month = nov,
number = {16},
pages = {1697--1712},
publisher = {Elsevier},
title = {{High-damping, high-Reynolds VIV tests for energy harnessing using the VIVACE converter}},
volume = {38},
year = {2011}
}
@book{Paidoussis2010,
author = {Pa\"{\i}doussis, Michael and Price, Stuart and de Langre, Emmanuel},
pages = {414},
publisher = {Cambridge University Press},
title = {{Fluid-Structure Interactions : Cross-Flow-Induced Instabilities}},
year = {2010}
}
@article{Sheard2009,
author = {Sheard, Gregory J. and Fitxgerald, Matthew J. and Ryan, Kris},
doi = {10.1017/S0022112009006879},
file = {:C\:/Users/hgjay/Dropbox/references/[97]Cylinders with square cross-section-wake.pdf:pdf},
issn = {0022-1120},
journal = {Journal of Fluid Mechanics},
month = jun,
pages = {43},
title = {{Cylinders with square cross-section: wake instabilities with incidence angle variation}},
volume = {630},
year = {2009}
}
@article{Raghavan2010a,
author = {Raghavan, K. and Bernitsas, M.M.},
doi = {10.1016/j.oceaneng.2010.09.003},
file = {:C\:/Users/hgjay/AppData/Local/Mendeley Ltd./Mendeley Desktop/Downloaded/Raghavan, Bernitsas - 2010 - Experimental investigation of Reynolds number effect on vortex induced vibration of rigid circular cylinder on elastic supports.pdf:pdf},
issn = {00298018},
journal = {Ocean Engineering},
keywords = {High damping,Hysteresis,Reynolds number effect,Synchronization,Transition shear layer 3 regime,VIV,VIVACE,vortex induced vibrations},
month = apr,
number = {5-6},
pages = {719--731},
publisher = {Elsevier},
title = {{Experimental investigation of Reynolds number effect on vortex induced vibration of rigid circular cylinder on elastic supports}},
volume = {38},
year = {2011}
}
@article{Parkinson1964,
author = {Parkinson, G. V. and Smith, J. D.},
doi = {10.1093/qjmam/17.2.225},
file = {:F\:/references/new/galloping.pdf:pdf},
issn = {0033-5614},
journal = {The Quarterly Journal of Mechanics and Applied Mathematics},
number = {2},
pages = {225--239},
title = {{The square prism as an aeroelastic non-linear oscillator}},
volume = {17},
year = {1964}
}
@article{Thompson2006,
author = {Thompson, Mark C. and Hourigan, Kerry and Cheung, Alex and Leweke, Thomas},
doi = {10.1016/j.apm.2006.03.014},
file = {:C\:/Users/hgjay/AppData/Local/Mendeley Ltd./Mendeley Desktop/Downloaded/Thompson et al. - 2006 - Hydrodynamics of a particle impact on a wall.pdf:pdf},
issn = {0307904X},
journal = {Applied Mathematical Modelling},
keywords = {moving grids,particle,vortex dynamics,vortex rings,wall interactions},
month = nov,
number = {11},
pages = {1356--1369},
title = {{Hydrodynamics of a particle impact on a wall}},
volume = {30},
year = {2006}
}
@article{Joly2012,
author = {Joly, A. and Etienne, S. and Pelletier, D.},
doi = {10.1016/j.jfluidstructs.2011.12.004},
file = {:C\:/Users/hgjay/AppData/Local/Mendeley Ltd./Mendeley Desktop/Downloaded/Unknown - Unknown - Galloping of square cylinders in cross-ﬂow at low Reynolds numbers.pdf.pdf:pdf},
issn = {08899746},
journal = {Journal of Fluids and Structures},
month = jan,
pages = {232--243},
title = {{Galloping of square cylinders in cross-flow at low Reynolds numbers}},
volume = {28},
year = {2012}
}
@article{Luo2003,
author = {Luo, S.C. and Chew, Y.T. and Ng, Y.T.},
doi = {10.1016/S0889-9746(03)00084-7},
file = {:C\:/Users/hgjay/Dropbox/references/[101]Hysteresis phenomenon in the galloping oscillation of a square cylinder.pdf:pdf},
issn = {08899746},
journal = {Journal of Fluids and Structures},
month = aug,
number = {1},
pages = {103--118},
title = {{Hysteresis phenomenon in the galloping oscillation of a square cylinder}},
volume = {18},
year = {2003}
}
@article{Leontini2007a,
author = {Leontini, J. S. and Thompson, M. C. and Hourigan, K.},
doi = {10.1017/S0022112006004320},
file = {:C\:/Users/hgjay/AppData/Local/Mendeley Ltd./Mendeley Desktop/Downloaded/Leontini, Thompson, Hourigan - 2007 - Three-dimensional transition in the wake of a transversely oscillating cylinder.pdf:pdf},
isbn = {0022112006},
issn = {0022-1120},
journal = {Journal of Fluid Mechanics},
month = apr,
pages = {79},
title = {{Three-dimensional transition in the wake of a transversely oscillating cylinder}},
volume = {577},
year = {2007}
}

@Article{Leontini2013,
  author = 	 {Leontini, J. S. and Thompson, M. C.},
  title = 	 {Vortex-induced vibrations of a diamond
                  cross-section: Sensitivity to corner sharpness},
  journal = 	 {Journal of Fluids and Structures},
  year = 	 {2013},
  volume = 	 {39},
  pages = 	 {371-390}
}


@Article{Griffith2011,
  author = {Griffith, M. D. and Leontini, J. S. and Thompson,
                  M. C. and Hourigan, K.},
  title = 	 {Vortex shedding and three-dimensional behaviour of
                  flow past a cylinder confined in a channel},
  journal = 	 {Journal of Fluids and Structures},
  year = 	 {2011},
  volume = 	 {27},
  number = 	 {5-6},
  pages = 	 {855-860}
}

@Article{lighthill1986,
  author = 	 {Lighthill, J.},
  title = 	 {Fundamentals concerning wave loading on offshore structures},
  journal = 	 {Journal of Fluid Mechanics},
  year = 	 {1986},
  volume = 	 {173},
  pages = 	 {667-681}
}

@Article{gresho1987,
  author = 	 {Gresho, P.~M. and Sani, R.~L.},
  title = 	 {On pressure boundary conditions for the incompressible {N}avier--{S}tokes equations},
  journal = 	 {International journal for numerical methods in fluids},
  year = 	 {1987},
  volume = 	 {7},
  pages = 	 {1111-1145}
}

@Book{karniadakis2005,
  author = 	 {Karniadakis, G.~E. and Sherwin, S.},
  title = 	 {Spectral/hp element methods for computational fluid dynamics},
  publisher = 	 {Oxford University},
  year = 	 {2005},
  edition = 	 {II}
}

@Article{vicente-Ludlam2014,
	author = {Vicente-Ludlam,D. and Barrero-Gil, A. and Velazquez, A.},
	title = {Optimal electromagnetic energy extraction from transverse galloping},
	journal = {Journal of Fluids and Structures},
	year = {2014},
	volume = {51},
	pages = {281-291},
	
}


@Article{shiels2001,
	author= {Shiels,D. and Leonard,A. and Roshko,A.},
	title= {Flow-induced vibration of a circular cylinder at limiting structural parameters},
	journal= {Journal of Fluids and Structures},
	year= {2001},
	volume= {15},
	pages= {3-21},		
}
	
@Article{leonard2001,
	Author = {Leonard,A. and Roshko,A.},
	title ={Aspects of flow-induced vibrations},
	journal = {Journal of Fluids and Structures},
	year = {2001},
	volume = {15},
	pages = {415-425},
}


@MastersThesis{bouclin:77,
  author = 	 {Bouclin, D.~N.},
  title = 	 {Hydroelastic oscillations of square cylinders},
  school = 	 {University of British Columbia},
  year = 	 {1977}
}