Automatically generated by Mendeley 1.9.2
Any changes to this file will be lost if it is regenerated by Mendeley.

@article{Corless1988,
author = {Corless, R and Parkinson, G},
doi = {10.1016/S0889-9746(88)80008-2},
file = {:C\:/Users/hgjay/AppData/Local/Mendeley Ltd./Mendeley Desktop/Downloaded/Corless, Parkinson - 1988 - A model of the combined effects of vortex-induced oscillation and galloping.pdf:pdf},
issn = {08899746},
journal = {Journal of Fluids and Structures},
month = may,
number = {3},
pages = {203--220},
title = {{A model of the combined effects of vortex-induced oscillation and galloping}},
url = {http://linkinghub.elsevier.com/retrieve/pii/S0889974688800082},
volume = {2},
year = {1988}
}
@article{Leontini2006,
author = {Leontini, J. S. and Stewart, B. E. and Thompson, M. C. and Hourigan, K.},
doi = {10.1063/1.2204632},
file = {:C\:/Users/hgjay/AppData/Local/Mendeley Ltd./Mendeley Desktop/Downloaded/Leontini et al. - 2006 - Wake state and energy transitions of an oscillating cylinder at low Reynolds number.pdf:pdf},
issn = {10706631},
journal = {Physics of Fluids},
number = {6},
pages = {067101},
title = {{Wake state and energy transitions of an oscillating cylinder at low Reynolds number}},
url = {http://link.aip.org/link/PHFLE6/v18/i6/p067101/s1&Agg=doi},
volume = {18},
year = {2006}
}
@article{Gabbai2005,
author = {Gabbai, R and Benaroya, H},
doi = {10.1016/j.jsv.2004.04.017},
file = {:C\:/Users/hgjay/AppData/Local/Mendeley Ltd./Mendeley Desktop/Downloaded/Gabbai, Benaroya - 2005 - An overview of modeling and experiments of vortex-induced vibration of circular cylinders.pdf:pdf},
issn = {0022460X},
journal = {Journal of Sound and Vibration},
month = apr,
number = {3-5},
pages = {575--616},
title = {{An overview of modeling and experiments of vortex-induced vibration of circular cylinders}},
url = {http://linkinghub.elsevier.com/retrieve/pii/S0022460X04004845},
volume = {282},
year = {2005}
}
@article{Williamson1998a,
author = {Williamson, C},
doi = {10.1006/jfls.1998.0184},
file = {:C\:/Users/hgjay/AppData/Local/Mendeley Ltd./Mendeley Desktop/Downloaded/Williamson - 1998 - A SERIES IN 1√Re TO REPRESENT THE STROUHAL–REYNOLDS NUMBER RELATIONSHIP OF THE CYLINDER WAKE.pdf:pdf},
issn = {08899746},
journal = {Journal of Fluids and Structures},
month = nov,
number = {8},
pages = {1073--1085},
title = {{A SERIES IN 1/√Re TO REPRESENT THE STROUHAL–REYNOLDS NUMBER RELATIONSHIP OF THE CYLINDER WAKE}},
url = {http://linkinghub.elsevier.com/retrieve/pii/S0889974698901840},
volume = {12},
year = {1998}
}
@article{Khalak1996a,
author = {Khalak, A},
doi = {10.1006/jfls.1996.0031},
file = {:C\:/Users/hgjay/AppData/Local/Mendeley Ltd./Mendeley Desktop/Downloaded/Khalak - 1996 - Dynamics of a Hydroelastic Cylinder With Very Low Mass and Damping.pdf:pdf},
issn = {08899746},
journal = {Journal of Fluids and Structures},
month = jul,
number = {5},
pages = {455--472},
title = {{Dynamics of a Hydroelastic Cylinder With Very Low Mass and Damping}},
url = {http://linkinghub.elsevier.com/retrieve/pii/S0889974696900316},
volume = {10},
year = {1996}
}
@article{Amandolese2010,
author = {Amandol\`{e}se, Xavier and H\'{e}mon, Pascal},
doi = {10.1016/j.crme.2009.12.001},
file = {:F\:/references/[61] Vortex-induced vibration of a square cylinder in wind tunnel.pdf:pdf},
issn = {16310721},
journal = {Comptes Rendus M\'{e}canique},
month = jan,
number = {1},
pages = {12--17},
publisher = {Elsevier Masson SAS},
title = {{Vortex-induced vibration of a square cylinder in wind tunnel}},
url = {http://linkinghub.elsevier.com/retrieve/pii/S1631072109002058},
volume = {338},
year = {2010}
}
@article{Leontini2006a,
author = {Leontini, J and Stewart, B and Thompson, M and Hourigan, K},
doi = {10.1016/j.apm.2005.05.017},
file = {:C\:/Users/hgjay/AppData/Local/Mendeley Ltd./Mendeley Desktop/Downloaded/Leontini et al. - 2006 - Predicting vortex-induced vibration from driven oscillation results.pdf:pdf},
issn = {0307904X},
journal = {Applied Mathematical Modelling},
month = oct,
number = {10},
pages = {1096--1102},
title = {{Predicting vortex-induced vibration from driven oscillation results}},
url = {http://linkinghub.elsevier.com/retrieve/pii/S0307904X0500168X},
volume = {30},
year = {2006}
}
@article{Blackburn1996a,
author = {Blackburn, H},
doi = {10.1016/0894-1777(95)00093-3},
file = {:C\:/Users/hgjay/AppData/Local/Mendeley Ltd./Mendeley Desktop/Downloaded/Blackburn - 1996 - Lock-in behavior in simulated vortex-induced vibration.pdf:pdf},
issn = {08941777},
journal = {Experimental Thermal and Fluid Science},
keywords = {chaos,cylinder,lock-in,vibration,vortex,wake},
month = feb,
number = {2},
pages = {184--189},
title = {{Lock-in behavior in simulated vortex-induced vibration}},
url = {http://linkinghub.elsevier.com/retrieve/pii/0894177795000933},
volume = {12},
year = {1996}
}
@article{Govardhan2002,
author = {Govardhan, R. and Williamson, C. H. K.},
doi = {10.1017/S0022112002002318},
file = {:C\:/Users/hgjay/AppData/Local/Mendeley Ltd./Mendeley Desktop/Downloaded/Govardhan, Williamson - 2002 - Resonance forever existence of a critical mass and an infinite regime of resonance in vortex-induced vibration.pdf:pdf},
issn = {0022-1120},
journal = {Journal of Fluid Mechanics},
month = dec,
pages = {147--166},
title = {{Resonance forever: existence of a critical mass and an infinite regime of resonance in vortex-induced vibration}},
url = {http://www.journals.cambridge.org/abstract_S0022112002002318},
volume = {473},
year = {2002}
}
@article{Bearman2011,
author = {Bearman, P.W.},
doi = {10.1016/j.jfluidstructs.2011.03.021},
file = {:F\:/references/[64]Circular cylinderwakesandvortex-inducedvibrations.pdf:pdf},
issn = {08899746},
journal = {Journal of Fluids and Structures},
keywords = {Tandem cylinders,Vortex shedding,circular cylinder wakes,vortex-induced vibration},
month = may,
pages = {1--11},
publisher = {Elsevier},
title = {{Circular cylinder wakes and vortex-induced vibrations}},
url = {http://linkinghub.elsevier.com/retrieve/pii/S0889974611000600},
year = {2011}
}
@article{Pasto2008,
author = {Pasto, S},
doi = {10.1016/j.jfluidstructs.2008.01.001},
file = {:C\:/Users/hgjay/AppData/Local/Mendeley Ltd./Mendeley Desktop/Downloaded/Pasto - 2008 - Vortex-induced vibrations of a circular cylinder in laminar and turbulent flows.pdf:pdf},
issn = {08899746},
journal = {Journal of Fluids and Structures},
keywords = {across-wind oscillations,lock-in,vortex capture,vortex shedding,vortex-induced vibrations},
month = oct,
number = {7},
pages = {977--993},
title = {{Vortex-induced vibrations of a circular cylinder in laminar and turbulent flows}},
url = {http://linkinghub.elsevier.com/retrieve/pii/S0889974608000121},
volume = {24},
year = {2008}
}
@article{Leontini2007a,
author = {Leontini, Justin S. and Th, M. C. and Hourigan, K.},
doi = {10.1017/S0022112006004320},
file = {:C\:/Users/hgjay/AppData/Local/Mendeley Ltd./Mendeley Desktop/Downloaded/Leontini, Thompson, Hourigan - 2007 - Three-dimensional transition in the wake of a transversely oscillating cylinder.pdf:pdf},
isbn = {0022112006},
issn = {0022-1120},
journal = {Journal of Fluid Mechanics},
month = apr,
pages = {79},
title = {{Three-dimensional transition in the wake of a transversely oscillating cylinder}},
volume = {577},
year = {2007}
}
@article{Williamson2004,
author = {Williamson, C.H.K. and Govardhan, R.},
doi = {10.1146/annurev.fluid.36.050802.122128},
file = {:C\:/Users/hgjay/AppData/Local/Mendeley Ltd./Mendeley Desktop/Downloaded/Williamson, Govardhan - 2004 - Vortex-Induced Vibrations.pdf:pdf},
issn = {0066-4189},
journal = {Annual Review of Fluid Mechanics},
keywords = {and to,decades,discoveries concern-,ing vortex-induced vibration,lock-in,many of which are,mass and damping,over the last two,related to the push,resonance,s abstract this review,summarizes fundamental results and,synchronization,that have been made,to explore very low,viv,vortex dynamics,wake modes},
month = jan,
number = {1},
pages = {413--455},
title = {{Vortex-Induced Vibrations}},
url = {http://arjournals.annualreviews.org/doi/abs/10.1146/annurev.fluid.36.050802.122128},
volume = {36},
year = {2004}
}
@article{Assi2010,
author = {Assi, G. R. S. and Bearman, P. W. and Meneghini, J. R.},
doi = {10.1017/S0022112010003095},
file = {:C\:/Users/hgjay/AppData/Local/Mendeley Ltd./Mendeley Desktop/Downloaded/Assi, Bearman, Meneghini - 2010 - On the wake-induced vibration of tandem circular cylinders the vortex interaction excitation mechanism.pdf:pdf},
issn = {0022-1120},
journal = {Journal of Fluid Mechanics},
keywords = {flow,jets,structure interactions,vortex flows,wakes},
month = aug,
pages = {365--401},
title = {{On the wake-induced vibration of tandem circular cylinders: the vortex interaction excitation mechanism}},
url = {http://www.journals.cambridge.org/abstract_S0022112010003095},
volume = {661},
year = {2010}
}
@article{Williamson2004a,
author = {Williamson, C.H.K. and Govardhan, R.},
doi = {10.1146/annurev.fluid.36.050802.122128},
file = {:C\:/Users/hgjay/AppData/Local/Mendeley Ltd./Mendeley Desktop/Downloaded/Williamson, Govardhan - 2004 - Vortex-Induced Vibrations.pdf:pdf},
issn = {0066-4189},
journal = {Annual Review of Fluid Mechanics},
keywords = {and to,decades,discoveries concern-,ing vortex-induced vibration,lock-in,many of which are,mass and damping,over the last two,related to the push,resonance,s abstract this review,summarizes fundamental results and,synchronization,that have been made,to explore very low,viv,vortex dynamics,wake modes},
month = jan,
number = {1},
pages = {413--455},
title = {{Vortex-Induced Vibrations}},
url = {http://arjournals.annualreviews.org/doi/abs/10.1146/annurev.fluid.36.050802.122128},
volume = {36},
year = {2004}
}
