Automatically generated by Mendeley 1.9.2
Any changes to this file will be lost if it is regenerated by Mendeley.

@article{Grigoriadis2003,
author = {Grigoriadis, D G E and Bartzis, J G and Goulas, A},
file = {:F\:/references/[72] LES of the fow past a rectangular cylinder using the.pdf:pdf},
journal = {International Journal for Numerical Methods in Fluids},
keywords = {direct pressure solver,fishpak,immersed boundary method,les,parallel computing,rectangular cylinder},
number = {May 2002},
pages = {615--632},
title = {{LES of the ow past a rectangular cylinder using the immersed boundary concept}},
volume = {632},
year = {2003}
}
