Automatically generated by Mendeley 1.9.2
Any changes to this file will be lost if it is regenerated by Mendeley.

@article{Robertson2003,
author = {Robertson, I and Li, L and Sherwin, S.J. and Bearman, P.W.},
doi = {10.1016/S0889-9746(03)00008-2},
file = {:C\:/Users/hgjay/AppData/Local/Mendeley Ltd./Mendeley Desktop/Downloaded/Robertson et al. - 2003 - A numerical study of rotational and transverse galloping rectangular bodies.pdf:pdf},
issn = {08899746},
journal = {Journal of Fluids and Structures},
month = apr,
number = {5},
pages = {681--699},
title = {{A numerical study of rotational and transverse galloping rectangular bodies}},
url = {http://linkinghub.elsevier.com/retrieve/pii/S0889974603000082},
volume = {17},
year = {2003}
}
@article{Chatterjee2010,
author = {Chatterjee, Dipankar and Biswas, Gautam and Amiroudine, Sakir},
doi = {10.1016/j.compfluid.2009.07.002},
file = {:F\:/references/[69] Numerical simulation of flow past row of square cylinders for various separation ratios.pdf:pdf},
issn = {00457930},
journal = {Computers & Fluids},
month = jan,
number = {1},
pages = {49--59},
publisher = {Elsevier Ltd},
title = {{Numerical simulation of flow past row of square cylinders for various separation ratios}},
url = {http://linkinghub.elsevier.com/retrieve/pii/S0045793009001029},
volume = {39},
year = {2010}
}
