Automatically generated by Mendeley 1.9.2
Any changes to this file will be lost if it is regenerated by Mendeley.

@article{Karniadakis1991,
author = {Karniadakis, George Em and Israeli, Moshe and Orszag, Steven A},
doi = {10.1016/0021-9991(91)90007-8},
issn = {00219991},
journal = {Journal of Computational Physics},
month = dec,
number = {2},
pages = {414--443},
title = {{High-order splitting methods for the incompressible Navier-Stokes equations}},
url = {http://dx.doi.org.ezproxy.lib.monash.edu.au/10.1016/0021-9991(91)90007-8 http://linkinghub.elsevier.com/retrieve/pii/0021999191900078},
volume = {97},
year = {1991}
}
@article{Leontini2007c,
author = {LEONTINI, JUSTIN S. and THOMPSON, M. C. and HOURIGAN, K.},
doi = {10.1017/S0022112006004320},
file = {:C\:/Users/hgjay/AppData/Local/Mendeley Ltd./Mendeley Desktop/Downloaded/Leontini, Thompson, Hourigan - 2007 - Three-dimensional transition in the wake of a transversely oscillating cylinder(2).pdf:pdf},
isbn = {0022112006},
issn = {0022-1120},
journal = {Journal of Fluid Mechanics},
month = apr,
pages = {79},
title = {{Three-dimensional transition in the wake of a transversely oscillating cylinder}},
url = {http://www.journals.cambridge.org/abstract_S0022112006004320},
volume = {577},
year = {2007}
}
@article{Thompson2006,
author = {Thompson, Mark C. and Hourigan, Kerry and Cheung, Alex and Leweke, Thomas},
doi = {10.1016/j.apm.2006.03.014},
file = {:C\:/Users/hgjay/AppData/Local/Mendeley Ltd./Mendeley Desktop/Downloaded/Thompson et al. - 2006 - Hydrodynamics of a particle impact on a wall.pdf:pdf},
issn = {0307904X},
journal = {Applied Mathematical Modelling},
keywords = {moving grids,particle,vortex dynamics,vortex rings,wall interactions},
month = nov,
number = {11},
pages = {1356--1369},
title = {{Hydrodynamics of a particle impact on a wall}},
volume = {30},
year = {2006}
}
@article{Thompson1996a,
author = {Thompson, Mark and Hourigan, Kerry and Sheridan, John},
doi = {10.1016/0894-1777(95)00098-4},
file = {:C\:/Users/hgjay/AppData/Local/Mendeley Ltd./Mendeley Desktop/Downloaded/Thompson - 1996 - Three-dimensional instabilities in the wake of a circular cylinder.pdf:pdf},
issn = {08941777},
journal = {Experimental Thermal and Fluid Science},
keywords = {bluff-body wakes,wake transition},
month = feb,
number = {2},
pages = {190--196},
title = {{Three-dimensional instabilities in the wake of a circular cylinder}},
volume = {12},
year = {1996}
}
@article{Leontini2011,
author = {Leontini, Justin S. and {Lo Jacono}, David and Thompson, Mark C.},
doi = {10.1017/jfm.2011.403},
file = {:C\:/Users/hgjay/Dropbox/references/[95]A numerical study of an inline oscillating cylinder in a free stream.pdf:pdf},
issn = {0022-1120},
journal = {Journal of Fluid Mechanics},
month = nov,
pages = {551--568},
title = {{A numerical study of an inline oscillating cylinder in a free stream}},
volume = {688},
year = {2011}
}
@article{Leontini2006b,
author = {Leontini, J.S. and Thompson, M.C. and Hourigan, K.},
doi = {10.1016/j.jfluidstructs.2006.04.003},
file = {:C\:/Users/hgjay/Dropbox/references/[94]The beginning of branching behaviour of vortex-induced vibration during two-dimensional flow.pdf:pdf},
issn = {08899746},
journal = {Journal of Fluids and Structures},
month = aug,
number = {6-7},
pages = {857--864},
title = {{The beginning of branching behaviour of vortex-induced vibration during two-dimensional flow}},
volume = {22},
year = {2006}
}
