Automatically generated by Mendeley 1.9.2
Any changes to this file will be lost if it is regenerated by Mendeley.

@article{Bernitsas2009,
author = {Bernitsas, Michael M. and Ben-Simon, Y. and Raghavan, Kamaldev and Garcia, E. M. H.},
doi = {10.1115/1.2979796},
file = {:C\:/Users/hgjay/AppData/Local/Mendeley Ltd./Mendeley Desktop/Downloaded/Bernitsas et al. - 2009 - The VIVACE Converter Model Tests at High Damping and Reynolds Number Around 10sup 5.pdf:pdf},
issn = {08927219},
journal = {Journal of Offshore Mechanics and Arctic Engineering},
number = {1},
pages = {011102},
title = {{The VIVACE Converter: Model Tests at High Damping and Reynolds Number Around 10[sup 5]}},
volume = {131},
year = {2009}
}
@article{Barrero-Gil2009,
author = {Barrero-Gil, A. and Sanz-Andr\'{e}s, A. and Roura, M.},
doi = {10.1016/j.jfluidstructs.2009.07.001},
file = {:C\:/Users/hgjay/AppData/Local/Mendeley Ltd./Mendeley Desktop/Downloaded/Barrero-Gil, Sanz-Andr\'{e}s, Roura - 2009 - Transverse galloping at low Reynolds numbers.pdf:pdf},
issn = {08899746},
journal = {Journal of Fluids and Structures},
keywords = {laminar flow,square cylinder,transverse galloping},
month = oct,
number = {7},
pages = {1236--1242},
title = {{Transverse galloping at low Reynolds numbers}},
volume = {25},
year = {2009}
}
@article{Leontini2011,
author = {Leontini, Justin S. and {Lo Jacono}, David and Thompson, Mark C.},
doi = {10.1017/jfm.2011.403},
file = {:C\:/Users/hgjay/Dropbox/references/[95]A numerical study of an inline oscillating cylinder in a free stream.pdf:pdf},
issn = {0022-1120},
journal = {Journal of Fluid Mechanics},
month = nov,
pages = {551--568},
title = {{A numerical study of an inline oscillating cylinder in a free stream}},
volume = {688},
year = {2011}
}
@article{Raghavan2009,
author = {Raghavan, K. and Bernitsas, Michael M. and Maroulis, D. E.},
doi = {10.1115/1.2979798},
file = {:C\:/Users/hgjay/AppData/Local/Mendeley Ltd./Mendeley Desktop/Downloaded/Raghavan, Bernitsas, Maroulis - 2009 - Effect of Bottom Boundary on VIV for Energy Harnessing at 8×10sup 3Re1.5×10sup 5(2).pdf:pdf},
issn = {08927219},
journal = {Journal of Offshore Mechanics and Arctic Engineering},
number = {3},
pages = {031102},
title = {{Effect of Bottom Boundary on VIV for Energy Harnessing at {$ 8\times{10^3} <Re< 1.5 \times {10^5} $}}},
volume = {131},
year = {2009}
}
@article{Ng2005,
author = {Ng, Y.T. and Luo, S.C. and Chew, Y.T.},
doi = {10.1016/j.jfluidstructs.2004.02.008},
issn = {08899746},
journal = {Journal of Fluids and Structures},
month = jan,
number = {1},
pages = {141--146},
title = {{On using high-order polynomial curve fits in the quasi-steady theory for square-cylinder galloping}},
volume = {20},
year = {2005}
}
@article{Tong2008,
author = {Tong, X.H. and Luo, S.C. and Khoo, B.C.},
doi = {10.1016/j.jfluidstructs.2008.03.004},
issn = {08899746},
journal = {Journal of Fluids and Structures},
month = oct,
number = {7},
pages = {994--1005},
title = {{Transition phenomena in the wake of an inclined square cylinder}},
volume = {24},
year = {2008}
}
@article{Vio2007,
author = {Vio, G.A. and Dimitriadis, G and Cooper, J.E.},
doi = {10.1016/j.jfluidstructs.2007.03.006},
issn = {08899746},
journal = {Journal of Fluids and Structures},
keywords = {aeroelasticity,cell mapping,centre manifold,galloping,harmonic balance,normal form,numerical continuation},
month = oct,
number = {7},
pages = {983--1011},
title = {{Bifurcation analysis and limit cycle oscillation amplitude prediction methods applied to the aeroelastic galloping problem}},
volume = {23},
year = {2007}
}
@techreport{Glauert1919,
address = {London},
author = {Glauert, H},
institution = {Advisory Committee on Aeronautics R and M 595. HMSO},
title = {{The rotation of an aerofoil about a fixed axis}},
year = {1919}
}
@article{Bernitsas2008a-concept,
author = {Bernitsas, Michael M. and Raghavan, Kamaldev and Ben-Simon, Y. and Garcia, E. M. H.},
doi = {10.1115/1.2957913},
file = {:C\:/Users/hgjay/AppData/Local/Mendeley Ltd./Mendeley Desktop/Downloaded/Bernitsas et al. - 2008 - VIVACE (Vortex Induced Vibration Aquatic Clean Energy) A New Concept in Generation of Clean and Renewable Energy From Fluid Flow.pdf:pdf},
issn = {08927219},
journal = {Journal of Offshore Mechanics and Arctic Engineering},
number = {4},
pages = {041101--15},
title = {{VIVACE (Vortex Induced Vibration Aquatic Clean Energy): A new concept in generation of clean and renewable energy from fluid flow}},
volume = {130},
year = {2008}
}
@article{Thompson1996a,
author = {Thompson, Mark and Hourigan, Kerry and Sheridan, John},
doi = {10.1016/0894-1777(95)00098-4},
file = {:C\:/Users/hgjay/AppData/Local/Mendeley Ltd./Mendeley Desktop/Downloaded/Thompson - 1996 - Three-dimensional instabilities in the wake of a circular cylinder.pdf:pdf},
issn = {08941777},
journal = {Experimental Thermal and Fluid Science},
keywords = {bluff-body wakes,wake transition},
month = feb,
number = {2},
pages = {190--196},
title = {{Three-dimensional instabilities in the wake of a circular cylinder}},
volume = {12},
year = {1996}
}
@book{DenHartog1956,
author = {{Den Hartog}, J P},
isbn = {9780486647852},
publisher = {Dover Publications},
series = {Dover Books on Engineering},
title = {{Mechanical Vibrations}},
year = {1956}
}
@article{Barrero-Gil2010a,
author = {Barrero-Gil, A and Alonso, G and Sanz-Andres, A.},
doi = {10.1016/j.jsv.2010.01.028},
file = {:C\:/Users/hgjay/AppData/Local/Mendeley Ltd./Mendeley Desktop/Downloaded/Barrero-Gil, Alonso, Sanz-Andres - 2010 - Energy harvesting from transverse galloping.pdf:pdf},
issn = {0022460X},
journal = {Journal of Sound and Vibration},
month = jul,
number = {14},
pages = {2873--2883},
publisher = {Elsevier},
title = {{Energy harvesting from transverse galloping}},
volume = {329},
year = {2010}
}
@article{Lee2011a,
author = {Lee, J.H. and Xiros, N. and Bernitsas, M.M.},
doi = {10.1016/j.oceaneng.2010.12.014},
file = {:C\:/Users/hgjay/AppData/Local/Mendeley Ltd./Mendeley Desktop/Downloaded/Lee, Xiros, Bernitsas - 2011 - Virtual damper–spring system for VIV experiments and hydrokinetic energy conversion.pdf:pdf},
issn = {00298018},
journal = {Ocean Engineering},
keywords = {Power take-off,System identification,VIV,VIVACE converter,Virtual damper–spring,vortex induced vibrations},
month = apr,
number = {5-6},
pages = {732--747},
publisher = {Elsevier},
title = {{Virtual damper–spring system for VIV experiments and hydrokinetic energy conversion}},
volume = {38},
year = {2011}
}
@article{Lee2011b,
author = {Lee, J.H. and Bernitsas, M.M.},
doi = {10.1016/j.oceaneng.2011.06.007},
file = {:C\:/Users/hgjay/AppData/Local/Mendeley Ltd./Mendeley Desktop/Downloaded/Lee, Bernitsas - 2011 - High-damping, high-Reynolds VIV tests for energy harnessing using the VIVACE converter.pdf:pdf},
issn = {00298018},
journal = {Ocean Engineering},
month = nov,
number = {16},
pages = {1697--1712},
publisher = {Elsevier},
title = {{High-damping, high-Reynolds VIV tests for energy harnessing using the VIVACE converter}},
volume = {38},
year = {2011}
}
@book{Paidoussis2010,
author = {Pa\"{\i}doussis, Michael and Price, Stuart and de Langre, Emmanuel},
pages = {414},
publisher = {Cambridge University Press},
title = {{Fluid-Structure Interactions : Cross-Flow-Induced Instabilities}},
year = {2010}
}
@article{Sheard2009,
author = {Sheard, Gregory J. and Fitxgerald, Matthew J. and Ryan, Kris},
doi = {10.1017/S0022112009006879},
file = {:C\:/Users/hgjay/Dropbox/references/[97]Cylinders with square cross-section-wake.pdf:pdf},
issn = {0022-1120},
journal = {Journal of Fluid Mechanics},
month = jun,
pages = {43},
title = {{Cylinders with square cross-section: wake instabilities with incidence angle variation}},
volume = {630},
year = {2009}
}
@article{Raghavan2010a,
author = {Raghavan, K. and Bernitsas, M.M.},
doi = {10.1016/j.oceaneng.2010.09.003},
file = {:C\:/Users/hgjay/AppData/Local/Mendeley Ltd./Mendeley Desktop/Downloaded/Raghavan, Bernitsas - 2010 - Experimental investigation of Reynolds number effect on vortex induced vibration of rigid circular cylinder on elastic supports.pdf:pdf},
issn = {00298018},
journal = {Ocean Engineering},
keywords = {High damping,Hysteresis,Reynolds number effect,Synchronization,Transition shear layer 3 regime,VIV,VIVACE,vortex induced vibrations},
month = apr,
number = {5-6},
pages = {719--731},
publisher = {Elsevier},
title = {{Experimental investigation of Reynolds number effect on vortex induced vibration of rigid circular cylinder on elastic supports}},
volume = {38},
year = {2011}
}
@article{Parkinson1964,
author = {Parkinson, G. V. and Smith, J. D.},
doi = {10.1093/qjmam/17.2.225},
file = {:F\:/references/new/galloping.pdf:pdf},
issn = {0033-5614},
journal = {The Quarterly Journal of Mechanics and Applied Mathematics},
number = {2},
pages = {225--239},
title = {{The square prism as an aeroelastic non-linear oscillator}},
volume = {17},
year = {1964}
}
@article{Thompson2006,
author = {Thompson, Mark C. and Hourigan, Kerry and Cheung, Alex and Leweke, Thomas},
doi = {10.1016/j.apm.2006.03.014},
file = {:C\:/Users/hgjay/AppData/Local/Mendeley Ltd./Mendeley Desktop/Downloaded/Thompson et al. - 2006 - Hydrodynamics of a particle impact on a wall.pdf:pdf},
issn = {0307904X},
journal = {Applied Mathematical Modelling},
keywords = {moving grids,particle,vortex dynamics,vortex rings,wall interactions},
month = nov,
number = {11},
pages = {1356--1369},
title = {{Hydrodynamics of a particle impact on a wall}},
volume = {30},
year = {2006}
}
@article{Joly2012,
author = {Joly, A. and Etienne, S. and Pelletier, D.},
doi = {10.1016/j.jfluidstructs.2011.12.004},
file = {:C\:/Users/hgjay/AppData/Local/Mendeley Ltd./Mendeley Desktop/Downloaded/Unknown - Unknown - Galloping of square cylinders in cross-ﬂow at low Reynolds numbers.pdf.pdf:pdf},
issn = {08899746},
journal = {Journal of Fluids and Structures},
month = jan,
pages = {232--243},
title = {{Galloping of square cylinders in cross-flow at low Reynolds numbers}},
volume = {28},
year = {2012}
}
@article{Luo2003,
author = {Luo, S.C. and Chew, Y.T. and Ng, Y.T.},
doi = {10.1016/S0889-9746(03)00084-7},
file = {:C\:/Users/hgjay/Dropbox/references/[101]Hysteresis phenomenon in the galloping oscillation of a square cylinder.pdf:pdf},
issn = {08899746},
journal = {Journal of Fluids and Structures},
month = aug,
number = {1},
pages = {103--118},
title = {{Hysteresis phenomenon in the galloping oscillation of a square cylinder}},
volume = {18},
year = {2003}
}
@article{Leontini2007a,
author = {Leontini, J. S. and Thompson, M. C. and Hourigan, K.},
doi = {10.1017/S0022112006004320},
file = {:C\:/Users/hgjay/AppData/Local/Mendeley Ltd./Mendeley Desktop/Downloaded/Leontini, Thompson, Hourigan - 2007 - Three-dimensional transition in the wake of a transversely oscillating cylinder.pdf:pdf},
isbn = {0022112006},
issn = {0022-1120},
journal = {Journal of Fluid Mechanics},
month = apr,
pages = {79},
title = {{Three-dimensional transition in the wake of a transversely oscillating cylinder}},
volume = {577},
year = {2007}
}

@Article{Leontini2013,
  author = 	 {Leontini, J. S. and Thompson, M. C.},
  title = 	 {Vortex-induced vibrations of a diamond
                  cross-section: Sensitivity to corner sharpness},
  journal = 	 {Journal of Fluids and Structures},
  year = 	 {2013},
  volume = 	 {39},
  pages = 	 {371-390}
}


@Article{Griffith2011,
  author = {Griffith, M. D. and Leontini, J. S. and Thompson,
                  M. C. and Hourigan, K.},
  title = 	 {Vortex shedding and three-dimensional behaviour of
                  flow past a cylinder confined in a channel},
  journal = 	 {Journal of Fluids and Structures},
  year = 	 {2011},
  volume = 	 {27},
  number = 	 {5-6},
  pages = 	 {855-860}
}

@Article{lighthill1986,
  author = 	 {Lighthill, J.},
  title = 	 {Fundamentals concerning wave loading on offshore structures},
  journal = 	 {Journal of Fluid Mechanics},
  year = 	 {1986},
  volume = 	 {173},
  pages = 	 {667-681}
}

@Article{gresho1987,
  author = 	 {Gresho, P.~M. and Sani, R.~L.},
  title = 	 {On pressure boundary conditions for the incompressible {N}avier--{S}tokes equations},
  journal = 	 {International journal for numerical methods in fluids},
  year = 	 {1987},
  volume = 	 {7},
  pages = 	 {1111-1145}
}

@Book{karniadakis2005,
  author = 	 {Karniadakis, G.~E. and Sherwin, S.},
  title = 	 {Spectral/hp element methods for computational fluid dynamics},
  publisher = 	 {Oxford University},
  year = 	 {2005},
  edition = 	 {II}
}

@Article{vicente-Ludlam2014,
	author = {Vicente-Ludlam,D. and Barrero-Gil, A. and Velazquez, A.},
	title = {Optimal electromagnetic energy extraction from transverse galloping},
	journal = {Journal of Fluids and Structures},
	year = {2014},
	volume = {51},
	pages = {281-291},
	
}


@Article{shiels2001,
	author= {Shiels,D. and Leonard,A. and Roshko,A.},
	title= {Flow-induced vibration of a circular cylinder at limiting structural parameters},
	journal= {Journal of Fluids and Structures},
	year= {2001},
	volume= {15},
	pages= {3-21},		
}
	
@Article{leonard2001,
	Author = {Leonard,A. and Roshko,A.},
	title ={Aspects of flow-induced vibrations},
	journal = {Journal of Fluids and Structures},
	year = {2001},
	volume = {15},
	pages = {415-425},
}


@MastersThesis{bouclin:77,
  author = 	 {Bouclin, D.~N.},
  title = 	 {Hydroelastic oscillations of square cylinders},
  school = 	 {University of British Columbia},
  year = 	 {1977}
}

@Article{Luo1994,
	author = {Luo, S. C. and Yazdani, Md.G. and	Chew, Y. T. and	Lee, T. S.},
	title ={Effects of incidence and afterbody shape on flow past bluff cylinders},
	journal= {Journal of Wind Engineering},
	year = {1994},
	volume = {53},
	pages = {375-399},
}

@Article{corless1988,
	author = {Corless, R. M. and Parkinson, G. V},
	title ={A model of the combined effects of vortex-induced oscillation and galloping},
	journal= {Journal of Fluids and Structures},
	year = {1988},
	volume = {2},
	pages = {203-220}	
}



@Article{Nakamura1975a,
	author = {Nakamura, Y. and Mizota, T.},
	title ={Unsteady lifts and wakes of oscillating rectangular prisms},
	journal= {ASCE Journal of the Engineering Mechanics Division},
	year = {1975},
	volume = {101},
	pages = { 855-871}	
}


@Article{Parkinson1961,
	author = {Parkinson,G.V. and Brooks, N. P. H.},
	title ={On the aeroelastic instability of bluff cylinders},
	journal= {Journal of Applied Mechanics},
	year = {1961},
	volume = {28},
	pages = { 252-258}	
}

@PhdThesis{Slater:69,
	author = 	 {Slater, J. E.},
	title = 	 { Aeroelastic instability of a structural angle section},
	school = 	 {University of British Columbia},
	year = 	 {1969}
}

@Article{Nakamura1977,
	author = {Nakamura,Y. and Tomonari, Y.},
	title ={ Galloping of rectangular prisms in a smooth and in a turbulent flow},
	journal= {Journal of Sound and Vibration},
	year = {1977},
	volume = {52},
	pages = {233-241}	
}



@book{Blevins1990,
	author = {Blevins, R. D.},
	title = {{Flow-Induced Vibration}},
	year = {1990},
	edition={2},
	publisher = {New York: Van Nostrand Reinhold}
}

@book{Parkinson1974,
	author = {Parkinson , G. V.},
	title = {{ Mathematical models of flow-induced vibrations of bluff bodies. In Flow-Induced Structural Vibrations}},
	year = {1974},
	edition={E. Naudascher},
	publisher = { Berlin: SpringerVerlag}
}


@Article{Bearman1987,
	author = {Bearman, P. W. and Gartshore, I. S. and Maull, D. J. and Parkinson, G. V.},
	title ={Experiments on f low-induced vibration of a square-section cylinder},
	journal= {Journal of Fluids and Structures},
	year = {1987},
	volume = {1},
	pages = {19-34}	
}


@Article{Parkinson1989,
	author = {Parkinson,G.V.},
	title ={Phenomena and modelling of flow-induced vibrations of bluff bodies},
	journal= {Progress in Aerospace Sciences},
	year = {1989},
	volume = {26},
	pages = {169-224}	
}

@Article{Naudascher1993,
author = {Naudascher, E. and Wang, Y.},
title ={Flow induced vibrations of prismatic bodies and grids of prisms},
journal= {Journal of fluids and structures},
year = {1993},
volume = {7},
pages = {341-373}	
}


@Article{Ruscheweyh1996,
	author = {Ruscheweyh, H. and Hortmanns, M. and Schnakenberg, C.},
	title ={Vortex-excited vibrations and galloping of slender elements},
	journal= {Journal of Wind Egineering and Industrial Aerodynamics},
	year = {1996},
	volume = {65},
	pages = {347-352}	
}


@Article{Deniz1997,
	author = {Deniz, S. amd Staubli, T},
	title ={Oscillating rectangular and octagonal profiles: Interaction of leading-and trailing-edge vortex formation},
	journal= {Journal of Fluids and Structures},
	year = {1997},
	volume = {11},
	pages = {3-31}	
}

@Article{Weaver2005,
	author = {Weaver, D. S. and Veljkovic, I.},
	title ={Vortex shedding and galloping of open semi-circular and parabolic cylinders in cross-flow},
	journal= {Journal of Fluids and Structures},
	year = {2005},
	volume = {21},
	pages = {65-74}	
}

@Article{Alonso2005,
	author = {Alonso, G. and Meseguer, J. and P{\'e}rez-Grande, I.},
	title ={Galloping instabilities of two-dimensional triangular cross-section bodies},
	journal= {Experiments in Fluids},
	year = {2005},
	volume = {38},
	pages = {789-795}	
}

@Article{Alonso2010,
	author = {Alonso, G. and Meseguer, J. and Sanz-Andr{\'e}s, A. and Valero, E.},
	title ={On the galloping instability of two-dimensional bodies having elliptical cross-sections},
	journal= {Journal of Wind Engineering and Industrial Aerodynamics},
	year = {2010},
	volume = {38},
	pages = {789-795}	
}

@Article{Alonso2009,
	author = {Alonso, G. and Valero, E. and Meseguer, J.},
	title ={An analysis on the dependence on cross section geometry of galloping stability of two-dimensional bodies having either biconvex or rhomboidal cross sections},
	journal= {European Journal of Mechanics B/Fluids},
	year = {2009},
	volume = {28},
	pages = {328-334}	
}


@Article{Vio2007,
	author = {Vio, G. and Dimitriadis, G. and Cooper, J.E.},
	title ={Bifurcation analysis and limit cycle oscillation amplitude prediction methods applied to the aeroelastic galloping problem},
	journal= {Journal of Fluids and Structures},
	year = {2007},
	volume = {23},
	pages = {983-1011}	
}

@Article{sheard2009,
	author = {Sheard, G. J. and Fitzgerald, M. J. and Ryan, K.},
	title ={Cylinders with square cross-section: wake instabilities with incidence angle variation},
	journal= {Journal of Fluid Mechanics},
	year = {2009},
	volume = {630},
	pages = {43-69}	
}

@Article{tong2008,
	author = {Tong, X. H. and Luo, S. C. and Khoo, B. C.},
	title ={Transition phenomena in the wake of an inclined square cylinder},
	journal= {Journal of Fluids and Structures},
	year = {2008},
	volume = {24},
	pages = {994-1005}	
}

@article{Robertson2003,
	title = {A numerical study of rotational and transverse galloping rectangular bodies},
	author = {Robertson, I. and Li, L. and Sherwin, S. J. and Bearman, P. W.},
	journal = {Journal of Fluids and Structures},
	year = {2003},
	volume = {17},
	pages = {681 - 699}	
}

@book{kreyszig2010,
	title={Advanced Engineering Mathematics},
	author={Kreyszig, E.},
	year={2010},
	publisher={John Wiley \& Sons},
	edition={10 revised}
}

@book{tu2007,
	title={Computational Fluid Dynamics: A Practical Approach},
	author={Tu, J. and Yeoh, G.H. and Liu, C.},
	year={2008},
	publisher={Butterworth-Heinemann},
	edition={1}
}



